@misc{bestreamer:10_most_played_mmorpgs_of_2020,
	title = {10 Most Played MMORPGs of 2020},
	published = {2020, September 11},
	howpublished = {\url{https://bestreamer.com/gaming/most-played-mmorpg-2019/2/}},
	note = {Retrieved October 02, 2020}
}

@misc{altarofgaming:top_6_most_popular_mmorpgs,
	title = {Top 6 Most Popular MMORPGs Sorted by Population (2020)},
	published = {2020, June 8},
	howpublished = {\url{https://altarofgaming.com/all-mmos-sorted-by-population-2018/}},
	note = {Retrieved October 02, 2020}
}

@misc{thegamer:ranking_the_15_best_mmorpgs,
	title = {Ranking The 15 Best MMORPGs Of All Time},
	published = {2020, May 13},
	howpublished = {\url{https://www.thegamer.com/best-mmorpgs-ever-wow-runescape/}},
	note = {Retrieved October 02, 2020}
}

@misc{wiki:skills,
	title = {Skills},
	howpublished = {\url{https://oldschool.runescape.wiki/w/Skills}}
}


@misc{wiki:experience,
	title = {Experience},
	howpublished = {\url{https://oldschool.runescape.wiki/w/Experience}}
}

@misc{wiki:quests,
	title = {Quests},
	howpublished = {\url{https://oldschool.runescape.wiki/w/Quests}}
}

@misc{wiki:combat_triangle,
	title = {Combat Triangle},
	howpublished = {\url{https://oldschool.runescape.wiki/w/Combat_triangle}}
}

@misc{wiki:max_melee,
	title = {Maximum Melee Hit},
	howpublished = {\url{https://oldschool.runescape.wiki/w/Maximum_melee_hit}},
}

@misc{wiki:max_ranged,
	title = {Maximum Ranged Hit},
	howpublished = {\url{https://oldschool.runescape.wiki/w/Maximum_ranged_hit}},
}

@misc{wiki:max_magic,
	title = {Maximum Magic Hit},
	howpublished = {\url{https://oldschool.runescape.wiki/w/Maximum_magic_hit}},
}

@misc{wiki:max_hit,
	title = {Maximum Hit},
	howpublished = {\url{https://oldschool.runescape.wiki/w/Maximum_hit}},
}

@misc{bitter:dps_calculator,
	title = {DPS calculator by Bitterkoekje},
	howpublished = {\url{https://docs.google.com/spreadsheets/d/1wzy1VxNWEAAc0FQyDAdpiFggAfn5U6RGPp2CisAHZW8/edit#gid=158500257}},
}
